@article{types-of-animals,
	author = {BioExplorer.net},
	date-modified = {2022-04-02 01:00:40 -0700},
	journal = {BioExplorer},
	title = {Types of Animals},
	url = {https://www.bioexplorer.net/animals/},
	year = {2022}}

@article{animal-classification,
	author = {N. Manohar, Y. H. Sharath Kumar and G. H. Kumar},
	note = {2016 International Conference on Advances in Computing},
	journal = {Communications and Informatics (ICACCI)},
	title = {Supervised and unsupervised learning in animal classification},
	year = {2016}}

@article{data-science,
	author = {Tiffany Timbers, T. C.},
	date-modified = {2022-04-02 01:00:46 -0700},
	title = {Data science: A first Introduction},
	url = {https://datasciencebook.ca/},
	year = {2022}}

@article{zoo-data,
	author = {UCI Machine Learning Repository},
	title = {zoo},
	journal = {UCI Machine Learning Repository},
	url = {https://archive.ics.uci.edu/ml/datasets/zoo},
	year = {1990}}

@article{towards-dsci,
	author = {TDS editors},
	title = {Towards Data Science},
	url = {https://towardsdatascience.com},
	year = {2022}}

@misc{ibm-dsci,
	author = {IBM Cloud Education},
	organization = {IBM},
	title = {What Is Data Science},
	url = {https://www.ibm.com/cloud/learn/data-science-introduction},
	year = {2020}}
