%% This BibTeX bibliography file was created using BibDesk.
%% https://bibdesk.sourceforge.io/

%% Created for Jiang at 2022-04-09 10:02:04 -0700 


%% Saved with string encoding Unicode (UTF-8) 



@article{types-of-animals,
	author = {BioExplorer.net},
	date-modified = {2022-04-02 01:00:40 -0700},
	journal = {BioExplorer},
	title = {Types of Animals},
	url = {https://www.bioexplorer.net/animals/},
	year = {2022},
	Bdsk-Url-1 = {https://www.bioexplorer.net/animals/}}

@article{animal-classification,
	author = {N. Manohar, Y. H. Sharath Kumar and G. H. Kumar},
	journal = {Communications and Informatics (ICACCI)},
	note = {2016 International Conference on Advances in Computing},
	title = {Supervised and unsupervised learning in animal classification},
	year = {2016}}

@article{data-science,
	author = {Tiffany Timbers, T. C.},
	date-modified = {2022-04-02 01:00:46 -0700},
	title = {Data science: A first Introduction},
	url = {https://datasciencebook.ca/},
	year = {2022},
	Bdsk-Url-1 = {https://datasciencebook.ca/}}

@article{zoo-data,
	author = {UCI Machine Learning Repository},
	journal = {UCI Machine Learning Repository},
	title = {zoo},
	url = {https://archive.ics.uci.edu/ml/datasets/zoo},
	year = {1990},
	Bdsk-Url-1 = {https://archive.ics.uci.edu/ml/datasets/zoo}}

@article{towards-dsci,
	author = {TDS editors},
	date-modified = {2022-04-09 10:01:59 -0700},
	journal = {Towards Data Science},
	title = {How Data Can Make a Difference in the Real World},
	url = {https://towardsdatascience.com},
	year = {2022},
	Bdsk-Url-1 = {https://towardsdatascience.com}}

@misc{ibm-dsci,
	author = {IBM Cloud Education},
	organization = {IBM},
	title = {What Is Data Science},
	url = {https://www.ibm.com/cloud/learn/data-science-introduction},
	year = {2020},
	Bdsk-Url-1 = {https://www.ibm.com/cloud/learn/data-science-introduction}}
